<?xml version="1.0" encoding="UTF-8"?><record xmlns="http://www.loc.gov/MARC21/slim" xmlns:cinclude="http://apache.org/cocoon/include/1.0" xmlns:zs="http://www.loc.gov/zing/srw/">
  <leader>00340nz  a2200121n  4500</leader>
  <controlfield tag="001">no 94027327 </controlfield>
  <controlfield tag="003">DLC</controlfield>
  <controlfield tag="005">19940810191704.5</controlfield>
  <controlfield tag="008">940810n| acannaab|          |n aaa     c</controlfield>
  <datafield tag="010" ind1=" " ind2=" ">
    <subfield code="a">no 94027327 </subfield>
  </datafield>
  <datafield tag="040" ind1=" " ind2=" ">
    <subfield code="a">DJBF</subfield>
    <subfield code="c">DJBF</subfield>
  </datafield>
  <datafield tag="100" ind1="1" ind2="0">
    <subfield code="a">Verchik, Ana</subfield>
  </datafield>
  <datafield tag="670" ind1=" " ind2=" ">
    <subfield code="a">El mercado de valores, 1985:</subfield>
    <subfield code="b">t.p. (Ana Verchik) p. vi (doctora en ciencias econoĚmicas)</subfield>
  </datafield>
</record>